
@article{shalizi_advanced_2013,
	title = {Advanced data analysis from an elementary point of view},
	url = {http://citeseerx.ist.psu.edu/viewdoc/download?doi=10.1.1.371.4613&rep=rep1&type=pdf},
	urldate = {2014-05-30},
	journal = {Preprint of book found at http://www. stat. cmu. edu/ cshalizi/{ADAfaEPoV}},
	author = {Shalizi, Cosma Rohilla},
	year = {2013},
	file = {Advanced Data Analysis from an Elementary Point of View - Cosma Rohilla Shalizi.pdf:/Users/angermue/Library/Application Support/Zotero/Profiles/4wv6rzc5.default/zotero/storage/ZPG5CXHQ/Advanced Data Analysis from an Elementary Point of View - Cosma Rohilla Shalizi.pdf:application/pdf}
}

@book{balding_handbook_2007,
	address = {Chichester [u.a.]},
	title = {Handbook of statistical genetics},
	isbn = {0470058307 9780470058305},
	language = {English},
	publisher = {Wiley},
	author = {Balding, David J. and Bishop, Christopher M},
	year = {2007},
	file = {Handbook of Statistical Genetics - Balding & Bishop & Cannings.pdf:/Users/angermue/Library/Application Support/Zotero/Profiles/4wv6rzc5.default/zotero/storage/5RZMUMBU/Handbook of Statistical Genetics - Balding & Bishop & Cannings.pdf:application/pdf;Handbook of Statistical Genetics - Balding & Bishop & Cannings.pdf:/Users/angermue/Library/Application Support/Zotero/Profiles/4wv6rzc5.default/zotero/storage/MB9TDWH7/Handbook of Statistical Genetics - Balding & Bishop & Cannings.pdf:application/pdf;Handbook of Statistical Genetics - Balding & Bishop & Cannings.pdf:/Users/angermue/Library/Application Support/Zotero/Profiles/4wv6rzc5.default/zotero/storage/JXA3VIKA/Handbook of Statistical Genetics - Balding & Bishop & Cannings.pdf:application/pdf}
}

@book{rosner_fundamentals_2011,
	address = {Boston},
	title = {Fundamentals of biostatistics},
	isbn = {9780538733496 0538733497 9780538735896  0538735899},
	abstract = {Leads the reader through the methods, techniques, and computations necessary for success in the medical field. Every new concept is developed systematically through completely worked out examples from current medical research problems.},
	language = {English},
	publisher = {Brooks/Cole, Cengage Learning},
	author = {Rosner, Bernard},
	year = {2011},
	file = {Fundamentals of Biostatistics - Rosner.pdf:/Users/angermue/Library/Application Support/Zotero/Profiles/4wv6rzc5.default/zotero/storage/766BR78S/Fundamentals of Biostatistics - Rosner.pdf:application/pdf}
}

@misc{coursera_mathematical_????,
	title = {Mathematical Biostatistics Boot Camp 1},
	url = {https://www.coursera.org/},
	abstract = {Take free online classes from 80+ top universities and organizations. Coursera is a social entrepreneurship company partnering with Stanford University, Yale University, Princeton University and others around the world to offer courses online for anyone to take, for free. We believe in connecting people to a great education so that anyone around the world can learn without limits.},
	urldate = {2014-10-20},
	journal = {Coursera},
	author = {Coursera},
	file = {Snapshot:/Users/angermue/Library/Application Support/Zotero/Profiles/4wv6rzc5.default/zotero/storage/TZ447C5F/biostats.html:text/html}
}

@misc{coursera_data_????,
	title = {Data Analysis and Statistical Inference},
	url = {https://www.coursera.org/},
	abstract = {Take free online classes from 80+ top universities and organizations. Coursera is a social entrepreneurship company partnering with Stanford University, Yale University, Princeton University and others around the world to offer courses online for anyone to take, for free. We believe in connecting people to a great education so that anyone around the world can learn without limits.},
	urldate = {2014-10-20},
	journal = {Coursera},
	author = {Coursera},
	file = {Snapshot:/Users/angermue/Library/Application Support/Zotero/Profiles/4wv6rzc5.default/zotero/storage/T7DZ7HZ2/statistics.html:text/html}
}